<?xml version="1.0" encoding="UTF-8"?><record xmlns="http://www.loc.gov/MARC21/slim" xmlns:cinclude="http://apache.org/cocoon/include/1.0" xmlns:zs="http://www.loc.gov/zing/srw/">
  <leader>00496cz  a2200133n  4500</leader>
  <controlfield tag="001">n  85110407 </controlfield>
  <controlfield tag="003">DLC</controlfield>
  <controlfield tag="005">20111123074817.0</controlfield>
  <controlfield tag="008">850429n| acannaabn          |n ana      </controlfield>
  <datafield tag="010" ind1=" " ind2=" ">
    <subfield code="a">n  85110407 </subfield>
  </datafield>
  <datafield tag="035" ind1=" " ind2=" ">
    <subfield code="a">(OCoLC)oca01314654</subfield>
  </datafield>
  <datafield tag="040" ind1=" " ind2=" ">
    <subfield code="a">DLC</subfield>
    <subfield code="b">eng</subfield>
    <subfield code="c">DLC</subfield>
    <subfield code="d">DLC</subfield>
    <subfield code="d">OCoLC</subfield>
  </datafield>
  <datafield tag="130" ind1=" " ind2="0">
    <subfield code="a">Whitcombe's story books</subfield>
  </datafield>
  <datafield tag="670" ind1=" " ind2=" ">
    <subfield code="a">McLaren, I.F. Whitcombe's story books, 1984:</subfield>
    <subfield code="b">t.p. (Whitcombe's story books) p. vii (numbered, paperback, series of children's stories published by Whitcombe &amp; Tombs between 1908-1962)</subfield>
  </datafield>
</record>